%YAML 1.1
%TAG !u! tag:unity3d.com,2011:
--- !u!91 &9100000
AnimatorController:
  m_ObjectHideFlags: 0
  m_PrefabParentObject: {fileID: 0}
  m_PrefabInternal: {fileID: 0}
  m_Name: BGIntro
  serializedVersion: 2
  m_AnimatorParameters:
  - m_Name: Play
    m_Type: 9
    m_DefaultFloat: 0
    m_DefaultInt: 0
    m_DefaultBool: 0
    m_Controller: {fileID: 9100000}
  - m_Name: Replay
    m_Type: 9
    m_DefaultFloat: 0
    m_DefaultInt: 0
    m_DefaultBool: 0
    m_Controller: {fileID: 9100000}
  m_AnimatorLayers:
  - serializedVersion: 3
    m_Name: Base Layer
    m_StateMachine: {fileID: 110700000}
    m_Mask: {fileID: 0}
    m_BlendingMode: 0
    m_SyncedLayerIndex: -1
    m_StateMachineMotionSetIndex: 0
    m_DefaultWeight: 0
    m_IKPass: 0
    m_SyncedLayerAffectsTiming: 0
    m_Controller: {fileID: 9100000}
--- !u!1101 &110100000
Transition:
  m_ObjectHideFlags: 3
  m_PrefabParentObject: {fileID: 0}
  m_PrefabInternal: {fileID: 0}
  m_Name: 
  m_SrcState: {fileID: 110200000}
  m_DstState: {fileID: 110232432}
  m_TransitionDuration: 13.6732979
  m_TransitionOffset: 0
  m_Conditions:
  - m_ConditionMode: 1
    m_ConditionEvent: Play
    m_EventTreshold: 0
    m_ExitTime: 0
  m_Atomic: 1
  m_Solo: 0
  m_Mute: 0
--- !u!1101 &110106632
Transition:
  m_ObjectHideFlags: 3
  m_PrefabParentObject: {fileID: 0}
  m_PrefabInternal: {fileID: 0}
  m_Name: 
  m_SrcState: {fileID: 110232432}
  m_DstState: {fileID: 110200000}
  m_TransitionDuration: .428571314
  m_TransitionOffset: 0
  m_Conditions:
  - m_ConditionMode: 1
    m_ConditionEvent: Replay
    m_EventTreshold: 0
    m_ExitTime: .571428657
  m_Atomic: 1
  m_Solo: 0
  m_Mute: 0
--- !u!1102 &110200000
State:
  m_ObjectHideFlags: 3
  m_PrefabParentObject: {fileID: 0}
  m_PrefabInternal: {fileID: 0}
  m_Name: Take 001
  m_Speed: 1
  m_CycleOffset: 0
  m_Motions:
  - {fileID: 7400000, guid: a79f2f75327954fcf849272440c415b3, type: 3}
  m_ParentStateMachine: {fileID: 110700000}
  m_Position: {x: -48, y: -84, z: 0}
  m_IKOnFeet: 0
  m_Mirror: 0
  m_Tag: 
--- !u!1102 &110232432
State:
  m_ObjectHideFlags: 3
  m_PrefabParentObject: {fileID: 0}
  m_PrefabInternal: {fileID: 0}
  m_Name: Take 0010
  m_Speed: 1
  m_CycleOffset: 0
  m_Motions:
  - {fileID: 7400002, guid: a79f2f75327954fcf849272440c415b3, type: 3}
  m_ParentStateMachine: {fileID: 110700000}
  m_Position: {x: 192, y: -324, z: 0}
  m_IKOnFeet: 0
  m_Mirror: 0
  m_Tag: 
--- !u!1107 &110700000
StateMachine:
  serializedVersion: 2
  m_ObjectHideFlags: 3
  m_PrefabParentObject: {fileID: 0}
  m_PrefabInternal: {fileID: 0}
  m_Name: Base Layer
  m_DefaultState: {fileID: 110200000}
  m_States:
  - {fileID: 110200000}
  - {fileID: 110232432}
  m_ChildStateMachine: []
  m_ChildStateMachinePosition: []
  m_OrderedTransitions:
    data:
      first: {fileID: 110200000}
      second:
      - {fileID: 110100000}
    data:
      first: {fileID: 110232432}
      second:
      - {fileID: 110106632}
  m_MotionSetCount: 1
  m_AnyStatePosition: {x: 50, y: 20, z: 0}
  m_ParentStateMachinePosition: {x: 800, y: 20, z: 0}
