%YAML 1.1
%TAG !u! tag:unity3d.com,2011:
--- !u!1 &100000
GameObject:
  m_ObjectHideFlags: 1
  m_PrefabParentObject: {fileID: 0}
  m_PrefabInternal: {fileID: 100100000}
  serializedVersion: 4
  m_Component:
  - 4: {fileID: 400000}
  - 65: {fileID: 6500000}
  m_Layer: 10
  m_Name: Arc
  m_TagString: Untagged
  m_Icon: {fileID: 0}
  m_NavMeshLayer: 0
  m_StaticEditorFlags: 0
  m_IsActive: 1
--- !u!1 &100002
GameObject:
  m_ObjectHideFlags: 1
  m_PrefabParentObject: {fileID: 0}
  m_PrefabInternal: {fileID: 100100000}
  serializedVersion: 4
  m_Component:
  - 4: {fileID: 400002}
  - 65: {fileID: 6500002}
  - 114: {fileID: 11400008}
  m_Layer: 0
  m_Name: Before
  m_TagString: Untagged
  m_Icon: {fileID: 0}
  m_NavMeshLayer: 0
  m_StaticEditorFlags: 0
  m_IsActive: 1
--- !u!1 &100004
GameObject:
  m_ObjectHideFlags: 1
  m_PrefabParentObject: {fileID: 0}
  m_PrefabInternal: {fileID: 100100000}
  serializedVersion: 4
  m_Component:
  - 4: {fileID: 400004}
  - 65: {fileID: 6500004}
  - 114: {fileID: 11400006}
  m_Layer: 0
  m_Name: After
  m_TagString: Untagged
  m_Icon: {fileID: 0}
  m_NavMeshLayer: 0
  m_StaticEditorFlags: 0
  m_IsActive: 1
--- !u!1 &100006
GameObject:
  m_ObjectHideFlags: 1
  m_PrefabParentObject: {fileID: 0}
  m_PrefabInternal: {fileID: 100100000}
  serializedVersion: 4
  m_Component:
  - 4: {fileID: 400006}
  - 65: {fileID: 6500006}
  m_Layer: 10
  m_Name: Left Wall
  m_TagString: Untagged
  m_Icon: {fileID: 0}
  m_NavMeshLayer: 0
  m_StaticEditorFlags: 0
  m_IsActive: 1
--- !u!1 &100008
GameObject:
  m_ObjectHideFlags: 1
  m_PrefabParentObject: {fileID: 0}
  m_PrefabInternal: {fileID: 100100000}
  serializedVersion: 4
  m_Component:
  - 4: {fileID: 400008}
  - 65: {fileID: 6500008}
  m_Layer: 10
  m_Name: Right Wall
  m_TagString: Untagged
  m_Icon: {fileID: 0}
  m_NavMeshLayer: 0
  m_StaticEditorFlags: 0
  m_IsActive: 1
--- !u!1 &100012
GameObject:
  m_ObjectHideFlags: 1
  m_PrefabParentObject: {fileID: 0}
  m_PrefabInternal: {fileID: 100100000}
  serializedVersion: 4
  m_Component:
  - 4: {fileID: 400012}
  - 65: {fileID: 6500012}
  m_Layer: 16
  m_Name: Floor
  m_TagString: Untagged
  m_Icon: {fileID: 0}
  m_NavMeshLayer: 0
  m_StaticEditorFlags: 0
  m_IsActive: 1
--- !u!1 &100014
GameObject:
  m_ObjectHideFlags: 0
  m_PrefabParentObject: {fileID: 0}
  m_PrefabInternal: {fileID: 100100000}
  serializedVersion: 4
  m_Component:
  - 4: {fileID: 400014}
  m_Layer: 0
  m_Name: Collision Boxes
  m_TagString: Untagged
  m_Icon: {fileID: 0}
  m_NavMeshLayer: 0
  m_StaticEditorFlags: 4294967295
  m_IsActive: 1
--- !u!1 &100016
GameObject:
  m_ObjectHideFlags: 0
  m_PrefabParentObject: {fileID: 0}
  m_PrefabInternal: {fileID: 100100000}
  serializedVersion: 4
  m_Component:
  - 4: {fileID: 400016}
  - 33: {fileID: 3300000}
  - 23: {fileID: 2300000}
  - 114: {fileID: 11400004}
  - 114: {fileID: 11400002}
  - 114: {fileID: 11400000}
  - 114: {fileID: 11400010}
  m_Layer: 0
  m_Name: Scene_03_Straight
  m_TagString: Untagged
  m_Icon: {fileID: 0}
  m_NavMeshLayer: 0
  m_StaticEditorFlags: 4294967295
  m_IsActive: 1
--- !u!1 &100036
GameObject:
  m_ObjectHideFlags: 1
  m_PrefabParentObject: {fileID: 0}
  m_PrefabInternal: {fileID: 100100000}
  serializedVersion: 4
  m_Component:
  - 4: {fileID: 400036}
  - 33: {fileID: 3300020}
  - 23: {fileID: 2300020}
  m_Layer: 12
  m_Name: Mesh
  m_TagString: Untagged
  m_Icon: {fileID: 0}
  m_NavMeshLayer: 0
  m_StaticEditorFlags: 0
  m_IsActive: 1
--- !u!1 &100038
GameObject:
  m_ObjectHideFlags: 0
  m_PrefabParentObject: {fileID: 0}
  m_PrefabInternal: {fileID: 100100000}
  serializedVersion: 4
  m_Component:
  - 4: {fileID: 400038}
  - 95: {fileID: 9500020}
  - 65: {fileID: 6500030}
  - 54: {fileID: 5400018}
  - 114: {fileID: 11400036}
  - 114: {fileID: 11400034}
  - 114: {fileID: 11400038}
  m_Layer: 12
  m_Name: WoodenDrum
  m_TagString: Untagged
  m_Icon: {fileID: 0}
  m_NavMeshLayer: 0
  m_StaticEditorFlags: 0
  m_IsActive: 1
--- !u!1 &100040
GameObject:
  m_ObjectHideFlags: 0
  m_PrefabParentObject: {fileID: 0}
  m_PrefabInternal: {fileID: 100100000}
  serializedVersion: 4
  m_Component:
  - 4: {fileID: 400040}
  - 95: {fileID: 9500022}
  - 65: {fileID: 6500032}
  - 54: {fileID: 5400020}
  - 114: {fileID: 11400042}
  - 114: {fileID: 11400044}
  - 114: {fileID: 11400040}
  m_Layer: 12
  m_Name: WoodenDrum
  m_TagString: Untagged
  m_Icon: {fileID: 0}
  m_NavMeshLayer: 0
  m_StaticEditorFlags: 0
  m_IsActive: 1
--- !u!1 &100042
GameObject:
  m_ObjectHideFlags: 1
  m_PrefabParentObject: {fileID: 0}
  m_PrefabInternal: {fileID: 100100000}
  serializedVersion: 4
  m_Component:
  - 4: {fileID: 400042}
  - 33: {fileID: 3300022}
  - 23: {fileID: 2300022}
  m_Layer: 12
  m_Name: Mesh
  m_TagString: Untagged
  m_Icon: {fileID: 0}
  m_NavMeshLayer: 0
  m_StaticEditorFlags: 0
  m_IsActive: 1
--- !u!1 &100044
GameObject:
  m_ObjectHideFlags: 1
  m_PrefabParentObject: {fileID: 0}
  m_PrefabInternal: {fileID: 100100000}
  serializedVersion: 4
  m_Component:
  - 4: {fileID: 400044}
  - 33: {fileID: 3300024}
  - 23: {fileID: 2300024}
  m_Layer: 12
  m_Name: Mesh
  m_TagString: Untagged
  m_Icon: {fileID: 0}
  m_NavMeshLayer: 0
  m_StaticEditorFlags: 0
  m_IsActive: 1
--- !u!1 &100046
GameObject:
  m_ObjectHideFlags: 0
  m_PrefabParentObject: {fileID: 0}
  m_PrefabInternal: {fileID: 100100000}
  serializedVersion: 4
  m_Component:
  - 4: {fileID: 400046}
  - 95: {fileID: 9500024}
  - 65: {fileID: 6500034}
  - 54: {fileID: 5400022}
  - 114: {fileID: 11400048}
  - 114: {fileID: 11400046}
  - 114: {fileID: 11400050}
  m_Layer: 12
  m_Name: WoodenDrum
  m_TagString: Untagged
  m_Icon: {fileID: 0}
  m_NavMeshLayer: 0
  m_StaticEditorFlags: 0
  m_IsActive: 1
--- !u!1 &100048
GameObject:
  m_ObjectHideFlags: 1
  m_PrefabParentObject: {fileID: 0}
  m_PrefabInternal: {fileID: 100100000}
  serializedVersion: 4
  m_Component:
  - 4: {fileID: 400048}
  - 33: {fileID: 3300026}
  - 23: {fileID: 2300026}
  m_Layer: 12
  m_Name: Mesh
  m_TagString: Untagged
  m_Icon: {fileID: 0}
  m_NavMeshLayer: 0
  m_StaticEditorFlags: 0
  m_IsActive: 1
--- !u!1 &100050
GameObject:
  m_ObjectHideFlags: 0
  m_PrefabParentObject: {fileID: 0}
  m_PrefabInternal: {fileID: 100100000}
  serializedVersion: 4
  m_Component:
  - 4: {fileID: 400050}
  - 95: {fileID: 9500026}
  - 65: {fileID: 6500036}
  - 54: {fileID: 5400024}
  - 114: {fileID: 11400054}
  - 114: {fileID: 11400052}
  - 114: {fileID: 11400056}
  m_Layer: 12
  m_Name: Barrier5
  m_TagString: Untagged
  m_Icon: {fileID: 0}
  m_NavMeshLayer: 0
  m_StaticEditorFlags: 0
  m_IsActive: 1
--- !u!1 &100052
GameObject:
  m_ObjectHideFlags: 1
  m_PrefabParentObject: {fileID: 0}
  m_PrefabInternal: {fileID: 100100000}
  serializedVersion: 4
  m_Component:
  - 4: {fileID: 400052}
  - 33: {fileID: 3300028}
  - 23: {fileID: 2300028}
  m_Layer: 12
  m_Name: Mesh
  m_TagString: Untagged
  m_Icon: {fileID: 0}
  m_NavMeshLayer: 0
  m_StaticEditorFlags: 0
  m_IsActive: 1
--- !u!1 &100054
GameObject:
  m_ObjectHideFlags: 0
  m_PrefabParentObject: {fileID: 0}
  m_PrefabInternal: {fileID: 100100000}
  serializedVersion: 4
  m_Component:
  - 4: {fileID: 400054}
  - 95: {fileID: 9500028}
  - 65: {fileID: 6500038}
  - 54: {fileID: 5400026}
  - 114: {fileID: 11400060}
  - 114: {fileID: 11400058}
  - 114: {fileID: 11400062}
  m_Layer: 12
  m_Name: Barrier4
  m_TagString: Untagged
  m_Icon: {fileID: 0}
  m_NavMeshLayer: 0
  m_StaticEditorFlags: 0
  m_IsActive: 1
--- !u!1 &100056
GameObject:
  m_ObjectHideFlags: 1
  m_PrefabParentObject: {fileID: 0}
  m_PrefabInternal: {fileID: 100100000}
  serializedVersion: 4
  m_Component:
  - 4: {fileID: 400056}
  - 65: {fileID: 6500040}
  - 114: {fileID: 11400064}
  m_Layer: 0
  m_Name: After
  m_TagString: Untagged
  m_Icon: {fileID: 0}
  m_NavMeshLayer: 0
  m_StaticEditorFlags: 0
  m_IsActive: 1
--- !u!1 &100058
GameObject:
  m_ObjectHideFlags: 1
  m_PrefabParentObject: {fileID: 0}
  m_PrefabInternal: {fileID: 100100000}
  serializedVersion: 4
  m_Component:
  - 4: {fileID: 400058}
  - 65: {fileID: 6500042}
  - 114: {fileID: 11400066}
  m_Layer: 0
  m_Name: Before
  m_TagString: Untagged
  m_Icon: {fileID: 0}
  m_NavMeshLayer: 0
  m_StaticEditorFlags: 0
  m_IsActive: 1
--- !u!1 &100060
GameObject:
  m_ObjectHideFlags: 1
  m_PrefabParentObject: {fileID: 0}
  m_PrefabInternal: {fileID: 100100000}
  serializedVersion: 4
  m_Component:
  - 4: {fileID: 400060}
  - 65: {fileID: 6500044}
  m_Layer: 10
  m_Name: Arc
  m_TagString: Untagged
  m_Icon: {fileID: 0}
  m_NavMeshLayer: 0
  m_StaticEditorFlags: 0
  m_IsActive: 1
--- !u!4 &400000
Transform:
  m_ObjectHideFlags: 1
  m_PrefabParentObject: {fileID: 0}
  m_PrefabInternal: {fileID: 100100000}
  m_GameObject: {fileID: 100000}
  m_LocalRotation: {x: 0, y: 0, z: -1.62920685e-07, w: 1}
  m_LocalPosition: {x: -3.61540484, y: -26.9398098, z: 1.35853791}
  m_LocalScale: {x: 1, y: 1, z: 1}
  m_Children: []
  m_Father: {fileID: 400014}
--- !u!4 &400002
Transform:
  m_ObjectHideFlags: 1
  m_PrefabParentObject: {fileID: 0}
  m_PrefabInternal: {fileID: 100100000}
  m_GameObject: {fileID: 100002}
  m_LocalRotation: {x: 0, y: 0, z: -1.62920685e-07, w: 1}
  m_LocalPosition: {x: -.282547832, y: .546760559, z: 1.35854411}
  m_LocalScale: {x: 1, y: 1, z: 1}
  m_Children: []
  m_Father: {fileID: 400014}
--- !u!4 &400004
Transform:
  m_ObjectHideFlags: 1
  m_PrefabParentObject: {fileID: 0}
  m_PrefabInternal: {fileID: 100100000}
  m_GameObject: {fileID: 100004}
  m_LocalRotation: {x: 0, y: 0, z: -1.62920685e-07, w: 1}
  m_LocalPosition: {x: -1.44501257, y: 28.8937588, z: 1.35854745}
  m_LocalScale: {x: 1, y: 1, z: 1}
  m_Children: []
  m_Father: {fileID: 400014}
--- !u!4 &400006
Transform:
  m_ObjectHideFlags: 1
  m_PrefabParentObject: {fileID: 0}
  m_PrefabInternal: {fileID: 100100000}
  m_GameObject: {fileID: 100006}
  m_LocalRotation: {x: 0, y: 0, z: 0, w: 1}
  m_LocalPosition: {x: -4.69615698, y: -.296575308, z: 1.73447454}
  m_LocalScale: {x: 1, y: 1, z: 1}
  m_Children: []
  m_Father: {fileID: 400014}
--- !u!4 &400008
Transform:
  m_ObjectHideFlags: 1
  m_PrefabParentObject: {fileID: 0}
  m_PrefabInternal: {fileID: 100100000}
  m_GameObject: {fileID: 100008}
  m_LocalRotation: {x: 0, y: 0, z: 0, w: 1}
  m_LocalPosition: {x: 7.63997698, y: -8.53495294e-07, z: 1.76756573}
  m_LocalScale: {x: 1, y: 1, z: 1}
  m_Children: []
  m_Father: {fileID: 400014}
--- !u!4 &400012
Transform:
  m_ObjectHideFlags: 1
  m_PrefabParentObject: {fileID: 0}
  m_PrefabInternal: {fileID: 100100000}
  m_GameObject: {fileID: 100012}
  m_LocalRotation: {x: 0, y: 0, z: 0, w: 1}
  m_LocalPosition: {x: 2.03491592, y: 1.72419527e-06, z: -1.77229595}
  m_LocalScale: {x: 1, y: 1, z: 1}
  m_Children: []
  m_Father: {fileID: 400014}
--- !u!4 &400014
Transform:
  m_ObjectHideFlags: 1
  m_PrefabParentObject: {fileID: 0}
  m_PrefabInternal: {fileID: 100100000}
  m_GameObject: {fileID: 100014}
  m_LocalRotation: {x: -.707106829, y: 0, z: 0, w: .707106829}
  m_LocalPosition: {x: 0, y: -5.4837079, z: -0}
  m_LocalScale: {x: 1, y: 1, z: 1}
  m_Children:
  - {fileID: 400004}
  - {fileID: 400060}
  - {fileID: 400000}
  - {fileID: 400058}
  - {fileID: 400002}
  - {fileID: 400012}
  - {fileID: 400006}
  - {fileID: 400008}
  - {fileID: 400056}
  m_Father: {fileID: 400016}
--- !u!4 &400016
Transform:
  m_ObjectHideFlags: 1
  m_PrefabParentObject: {fileID: 0}
  m_PrefabInternal: {fileID: 100100000}
  m_GameObject: {fileID: 100016}
  m_LocalRotation: {x: 0, y: 1, z: 0, w: -1.62920685e-07}
  m_LocalPosition: {x: 0, y: 5.8031826, z: 0}
  m_LocalScale: {x: 1, y: 1, z: 1}
  m_Children:
  - {fileID: 400054}
  - {fileID: 400050}
  - {fileID: 400014}
  - {fileID: 400046}
  - {fileID: 400040}
  - {fileID: 400038}
  m_Father: {fileID: 0}
--- !u!4 &400036
Transform:
  m_ObjectHideFlags: 1
  m_PrefabParentObject: {fileID: 0}
  m_PrefabInternal: {fileID: 100100000}
  m_GameObject: {fileID: 100036}
  m_LocalRotation: {x: 0, y: 0, z: 0, w: 1}
  m_LocalPosition: {x: -2.81766035e-07, y: -.0361658931, z: .518840253}
  m_LocalScale: {x: 1.5, y: .620000005, z: 1}
  m_Children: []
  m_Father: {fileID: 400038}
--- !u!4 &400038
Transform:
  m_ObjectHideFlags: 1
  m_PrefabParentObject: {fileID: 0}
  m_PrefabInternal: {fileID: 100100000}
  m_GameObject: {fileID: 100038}
  m_LocalRotation: {x: 0, y: 1, z: 0, w: 1.62920685e-07}
  m_LocalPosition: {x: -2.16664433, y: -6.20399666, z: 19.4055405}
  m_LocalScale: {x: .780457973, y: 1.75085795, z: 1}
  m_Children:
  - {fileID: 400036}
  m_Father: {fileID: 400016}
--- !u!4 &400040
Transform:
  m_ObjectHideFlags: 1
  m_PrefabParentObject: {fileID: 0}
  m_PrefabInternal: {fileID: 100100000}
  m_GameObject: {fileID: 100040}
  m_LocalRotation: {x: 0, y: 1, z: 0, w: 1.62920685e-07}
  m_LocalPosition: {x: -2.62305593, y: -6.20399666, z: 20.6176033}
  m_LocalScale: {x: .780457973, y: 1.75085795, z: 1}
  m_Children:
  - {fileID: 400042}
  m_Father: {fileID: 400016}
--- !u!4 &400042
Transform:
  m_ObjectHideFlags: 1
  m_PrefabParentObject: {fileID: 0}
  m_PrefabInternal: {fileID: 100100000}
  m_GameObject: {fileID: 100042}
  m_LocalRotation: {x: 0, y: 0, z: 0, w: 1}
  m_LocalPosition: {x: -2.81766035e-07, y: -.0361658931, z: .518840253}
  m_LocalScale: {x: 1.5, y: .620000005, z: 1}
  m_Children: []
  m_Father: {fileID: 400040}
--- !u!4 &400044
Transform:
  m_ObjectHideFlags: 1
  m_PrefabParentObject: {fileID: 0}
  m_PrefabInternal: {fileID: 100100000}
  m_GameObject: {fileID: 100044}
  m_LocalRotation: {x: 0, y: 0, z: 0, w: 1}
  m_LocalPosition: {x: -2.81766035e-07, y: -.0361658931, z: .518840253}
  m_LocalScale: {x: 1.5, y: .620000005, z: 1}
  m_Children: []
  m_Father: {fileID: 400046}
--- !u!4 &400046
Transform:
  m_ObjectHideFlags: 1
  m_PrefabParentObject: {fileID: 0}
  m_PrefabInternal: {fileID: 100100000}
  m_GameObject: {fileID: 100046}
  m_LocalRotation: {x: 0, y: 1, z: 0, w: -1.62920685e-07}
  m_LocalPosition: {x: -3.51321912, y: -6.20399618, z: 20.0742664}
  m_LocalScale: {x: .780458152, y: 1.75085819, z: 1}
  m_Children:
  - {fileID: 400044}
  m_Father: {fileID: 400016}
--- !u!4 &400048
Transform:
  m_ObjectHideFlags: 1
  m_PrefabParentObject: {fileID: 0}
  m_PrefabInternal: {fileID: 100100000}
  m_GameObject: {fileID: 100048}
  m_LocalRotation: {x: 0, y: 0, z: 0, w: 1}
  m_LocalPosition: {x: 0, y: .258457482, z: 0}
  m_LocalScale: {x: 1.29999995, y: 1.5, z: 1}
  m_Children: []
  m_Father: {fileID: 400050}
--- !u!4 &400050
Transform:
  m_ObjectHideFlags: 1
  m_PrefabParentObject: {fileID: 0}
  m_PrefabInternal: {fileID: 100100000}
  m_GameObject: {fileID: 100050}
  m_LocalRotation: {x: 0, y: 0, z: 0, w: 1}
  m_LocalPosition: {x: 3.07191634, y: -6.69937515, z: 13.9408913}
  m_LocalScale: {x: 1, y: 1, z: 1}
  m_Children:
  - {fileID: 400048}
  m_Father: {fileID: 400016}
--- !u!4 &400052
Transform:
  m_ObjectHideFlags: 1
  m_PrefabParentObject: {fileID: 0}
  m_PrefabInternal: {fileID: 100100000}
  m_GameObject: {fileID: 100052}
  m_LocalRotation: {x: 0, y: 0, z: 0, w: 1}
  m_LocalPosition: {x: 0, y: -.280991256, z: -0}
  m_LocalScale: {x: 1, y: 1.5, z: 1}
  m_Children: []
  m_Father: {fileID: 400054}
--- !u!4 &400054
Transform:
  m_ObjectHideFlags: 1
  m_PrefabParentObject: {fileID: 0}
  m_PrefabInternal: {fileID: 100100000}
  m_GameObject: {fileID: 100054}
  m_LocalRotation: {x: 0, y: 0, z: 0, w: 1}
  m_LocalPosition: {x: 2.41522116e-07, y: -6.67646408, z: -.741226077}
  m_LocalScale: {x: 1, y: 1, z: 1}
  m_Children:
  - {fileID: 400052}
  m_Father: {fileID: 400016}
--- !u!4 &400056
Transform:
  m_ObjectHideFlags: 1
  m_PrefabParentObject: {fileID: 0}
  m_PrefabInternal: {fileID: 100100000}
  m_GameObject: {fileID: 100056}
  m_LocalRotation: {x: 0, y: 0, z: 0, w: 1}
  m_LocalPosition: {x: -1.44502783, y: -18.3707333, z: 1.35854089}
  m_LocalScale: {x: 1, y: 1, z: 1}
  m_Children: []
  m_Father: {fileID: 400014}
--- !u!4 &400058
Transform:
  m_ObjectHideFlags: 1
  m_PrefabParentObject: {fileID: 0}
  m_PrefabInternal: {fileID: 100100000}
  m_GameObject: {fileID: 100058}
  m_LocalRotation: {x: 0, y: 0, z: 0, w: 1}
  m_LocalPosition: {x: -.282560855, y: -39.2525597, z: 1.35853839}
  m_LocalScale: {x: 1, y: 1, z: 1}
  m_Children: []
  m_Father: {fileID: 400014}
--- !u!4 &400060
Transform:
  m_ObjectHideFlags: 1
  m_PrefabParentObject: {fileID: 0}
  m_PrefabInternal: {fileID: 100100000}
  m_GameObject: {fileID: 100060}
  m_LocalRotation: {x: 0, y: 0, z: 0, w: 1}
  m_LocalPosition: {x: -3.61538863, y: 21.1053638, z: 1.35854363}
  m_LocalScale: {x: 1, y: 1, z: 1}
  m_Children: []
  m_Father: {fileID: 400014}
--- !u!23 &2300000
Renderer:
  m_ObjectHideFlags: 1
  m_PrefabParentObject: {fileID: 0}
  m_PrefabInternal: {fileID: 100100000}
  m_GameObject: {fileID: 100016}
  m_Enabled: 1
  m_CastShadows: 0
  m_ReceiveShadows: 0
  m_LightmapIndex: 4
  m_LightmapTilingOffset: {x: 1, y: 1, z: -.00390625, w: -.00390625}
  m_Materials:
  - {fileID: 2100000, guid: 960ab19e6b86149e8a6dbf603cd344d4, type: 2}
  - {fileID: 2100000, guid: 39aac6112a70343a2824a34a61806d44, type: 2}
  m_SubsetIndices: 
  m_StaticBatchRoot: {fileID: 0}
  m_UseLightProbes: 0
  m_LightProbeAnchor: {fileID: 0}
  m_ScaleInLightmap: 1
  m_SortingLayer: 0
  m_SortingOrder: 0
  m_SortingLayerID: 0
--- !u!23 &2300020
Renderer:
  m_ObjectHideFlags: 1
  m_PrefabParentObject: {fileID: 0}
  m_PrefabInternal: {fileID: 100100000}
  m_GameObject: {fileID: 100036}
  m_Enabled: 1
  m_CastShadows: 0
  m_ReceiveShadows: 0
  m_LightmapIndex: 255
  m_LightmapTilingOffset: {x: 1, y: 1, z: 0, w: 0}
  m_Materials:
  - {fileID: 2100000, guid: 031abe1cdc9fd4e7a8759a05cce7f0eb, type: 2}
  - {fileID: 2100000, guid: 2de14756ec9914ddb9b4a8448923d0e6, type: 2}
  m_SubsetIndices: 
  m_StaticBatchRoot: {fileID: 0}
  m_UseLightProbes: 0
  m_LightProbeAnchor: {fileID: 0}
  m_ScaleInLightmap: 1
  m_SortingLayer: 0
  m_SortingOrder: 0
  m_SortingLayerID: 0
--- !u!23 &2300022
Renderer:
  m_ObjectHideFlags: 1
  m_PrefabParentObject: {fileID: 0}
  m_PrefabInternal: {fileID: 100100000}
  m_GameObject: {fileID: 100042}
  m_Enabled: 1
  m_CastShadows: 0
  m_ReceiveShadows: 0
  m_LightmapIndex: 255
  m_LightmapTilingOffset: {x: 1, y: 1, z: 0, w: 0}
  m_Materials:
  - {fileID: 2100000, guid: 031abe1cdc9fd4e7a8759a05cce7f0eb, type: 2}
  - {fileID: 2100000, guid: 2de14756ec9914ddb9b4a8448923d0e6, type: 2}
  m_SubsetIndices: 
  m_StaticBatchRoot: {fileID: 0}
  m_UseLightProbes: 0
  m_LightProbeAnchor: {fileID: 0}
  m_ScaleInLightmap: 1
  m_SortingLayer: 0
  m_SortingOrder: 0
  m_SortingLayerID: 0
--- !u!23 &2300024
Renderer:
  m_ObjectHideFlags: 1
  m_PrefabParentObject: {fileID: 0}
  m_PrefabInternal: {fileID: 100100000}
  m_GameObject: {fileID: 100044}
  m_Enabled: 1
  m_CastShadows: 0
  m_ReceiveShadows: 0
  m_LightmapIndex: 255
  m_LightmapTilingOffset: {x: 1, y: 1, z: 0, w: 0}
  m_Materials:
  - {fileID: 2100000, guid: 031abe1cdc9fd4e7a8759a05cce7f0eb, type: 2}
  - {fileID: 2100000, guid: 2de14756ec9914ddb9b4a8448923d0e6, type: 2}
  m_SubsetIndices: 
  m_StaticBatchRoot: {fileID: 0}
  m_UseLightProbes: 0
  m_LightProbeAnchor: {fileID: 0}
  m_ScaleInLightmap: 1
  m_SortingLayer: 0
  m_SortingOrder: 0
  m_SortingLayerID: 0
--- !u!23 &2300026
Renderer:
  m_ObjectHideFlags: 1
  m_PrefabParentObject: {fileID: 0}
  m_PrefabInternal: {fileID: 100100000}
  m_GameObject: {fileID: 100048}
  m_Enabled: 1
  m_CastShadows: 0
  m_ReceiveShadows: 0
  m_LightmapIndex: 255
  m_LightmapTilingOffset: {x: 1, y: 1, z: 0, w: 0}
  m_Materials:
  - {fileID: 2100000, guid: 2c2db3d1534a649f5bb0ff18ee73305b, type: 2}
  - {fileID: 2100000, guid: d207fbc89ea1643c8b89134c0e492ecd, type: 2}
  m_SubsetIndices: 
  m_StaticBatchRoot: {fileID: 0}
  m_UseLightProbes: 0
  m_LightProbeAnchor: {fileID: 0}
  m_ScaleInLightmap: 1
  m_SortingLayer: 0
  m_SortingOrder: 0
  m_SortingLayerID: 0
--- !u!23 &2300028
Renderer:
  m_ObjectHideFlags: 1
  m_PrefabParentObject: {fileID: 0}
  m_PrefabInternal: {fileID: 100100000}
  m_GameObject: {fileID: 100052}
  m_Enabled: 1
  m_CastShadows: 0
  m_ReceiveShadows: 0
  m_LightmapIndex: 255
  m_LightmapTilingOffset: {x: 1, y: 1, z: 0, w: 0}
  m_Materials:
  - {fileID: 2100000, guid: 2c2db3d1534a649f5bb0ff18ee73305b, type: 2}
  - {fileID: 2100000, guid: d207fbc89ea1643c8b89134c0e492ecd, type: 2}
  m_SubsetIndices: 
  m_StaticBatchRoot: {fileID: 0}
  m_UseLightProbes: 0
  m_LightProbeAnchor: {fileID: 0}
  m_ScaleInLightmap: 1
  m_SortingLayer: 0
  m_SortingOrder: 0
  m_SortingLayerID: 0
--- !u!33 &3300000
MeshFilter:
  m_ObjectHideFlags: 1
  m_PrefabParentObject: {fileID: 0}
  m_PrefabInternal: {fileID: 100100000}
  m_GameObject: {fileID: 100016}
  m_Mesh: {fileID: 4300000, guid: 6ab88b6eaa903432688ee978324ff265, type: 3}
--- !u!33 &3300020
MeshFilter:
  m_ObjectHideFlags: 1
  m_PrefabParentObject: {fileID: 0}
  m_PrefabInternal: {fileID: 100100000}
  m_GameObject: {fileID: 100036}
  m_Mesh: {fileID: 4300000, guid: dfd9f6f4ca0dc4849ad6497991ccb5b0, type: 3}
--- !u!33 &3300022
MeshFilter:
  m_ObjectHideFlags: 1
  m_PrefabParentObject: {fileID: 0}
  m_PrefabInternal: {fileID: 100100000}
  m_GameObject: {fileID: 100042}
  m_Mesh: {fileID: 4300000, guid: dfd9f6f4ca0dc4849ad6497991ccb5b0, type: 3}
--- !u!33 &3300024
MeshFilter:
  m_ObjectHideFlags: 1
  m_PrefabParentObject: {fileID: 0}
  m_PrefabInternal: {fileID: 100100000}
  m_GameObject: {fileID: 100044}
  m_Mesh: {fileID: 4300000, guid: dfd9f6f4ca0dc4849ad6497991ccb5b0, type: 3}
--- !u!33 &3300026
MeshFilter:
  m_ObjectHideFlags: 1
  m_PrefabParentObject: {fileID: 0}
  m_PrefabInternal: {fileID: 100100000}
  m_GameObject: {fileID: 100048}
  m_Mesh: {fileID: 4300000, guid: 3ab12491f91d4431d81445dd941aaf2e, type: 3}
--- !u!33 &3300028
MeshFilter:
  m_ObjectHideFlags: 1
  m_PrefabParentObject: {fileID: 0}
  m_PrefabInternal: {fileID: 100100000}
  m_GameObject: {fileID: 100052}
  m_Mesh: {fileID: 4300000, guid: 5b65eb414ec6e4bedb23832f497cb98a, type: 3}
--- !u!54 &5400018
Rigidbody:
  m_ObjectHideFlags: 1
  m_PrefabParentObject: {fileID: 0}
  m_PrefabInternal: {fileID: 100100000}
  m_GameObject: {fileID: 100038}
  serializedVersion: 2
  m_Mass: 1
  m_Drag: 0
  m_AngularDrag: .0500000007
  m_UseGravity: 0
  m_IsKinematic: 1
  m_Interpolate: 0
  m_Constraints: 0
  m_CollisionDetection: 0
--- !u!54 &5400020
Rigidbody:
  m_ObjectHideFlags: 1
  m_PrefabParentObject: {fileID: 0}
  m_PrefabInternal: {fileID: 100100000}
  m_GameObject: {fileID: 100040}
  serializedVersion: 2
  m_Mass: 1
  m_Drag: 0
  m_AngularDrag: .0500000007
  m_UseGravity: 0
  m_IsKinematic: 1
  m_Interpolate: 0
  m_Constraints: 0
  m_CollisionDetection: 0
--- !u!54 &5400022
Rigidbody:
  m_ObjectHideFlags: 1
  m_PrefabParentObject: {fileID: 0}
  m_PrefabInternal: {fileID: 100100000}
  m_GameObject: {fileID: 100046}
  serializedVersion: 2
  m_Mass: 1
  m_Drag: 0
  m_AngularDrag: .0500000007
  m_UseGravity: 0
  m_IsKinematic: 1
  m_Interpolate: 0
  m_Constraints: 0
  m_CollisionDetection: 0
--- !u!54 &5400024
Rigidbody:
  m_ObjectHideFlags: 1
  m_PrefabParentObject: {fileID: 0}
  m_PrefabInternal: {fileID: 100100000}
  m_GameObject: {fileID: 100050}
  serializedVersion: 2
  m_Mass: 1
  m_Drag: 0
  m_AngularDrag: .0500000007
  m_UseGravity: 0
  m_IsKinematic: 1
  m_Interpolate: 0
  m_Constraints: 0
  m_CollisionDetection: 0
--- !u!54 &5400026
Rigidbody:
  m_ObjectHideFlags: 1
  m_PrefabParentObject: {fileID: 0}
  m_PrefabInternal: {fileID: 100100000}
  m_GameObject: {fileID: 100054}
  serializedVersion: 2
  m_Mass: 1
  m_Drag: 0
  m_AngularDrag: .0500000007
  m_UseGravity: 0
  m_IsKinematic: 1
  m_Interpolate: 0
  m_Constraints: 0
  m_CollisionDetection: 0
--- !u!65 &6500000
BoxCollider:
  m_ObjectHideFlags: 1
  m_PrefabParentObject: {fileID: 0}
  m_PrefabInternal: {fileID: 100100000}
  m_GameObject: {fileID: 100000}
  m_Material: {fileID: 0}
  m_IsTrigger: 0
  m_Enabled: 1
  serializedVersion: 2
  m_Size: {x: 3.21000004, y: 5.98000002, z: 5.67000008}
  m_Center: {x: 0, y: 0, z: 0}
--- !u!65 &6500002
BoxCollider:
  m_ObjectHideFlags: 1
  m_PrefabParentObject: {fileID: 0}
  m_PrefabInternal: {fileID: 100100000}
  m_GameObject: {fileID: 100002}
  m_Material: {fileID: 0}
  m_IsTrigger: 1
  m_Enabled: 1
  serializedVersion: 2
  m_Size: {x: 12.7799997, y: 5.98000002, z: 5.67000008}
  m_Center: {x: 0, y: 0, z: 0}
--- !u!65 &6500004
BoxCollider:
  m_ObjectHideFlags: 1
  m_PrefabParentObject: {fileID: 0}
  m_PrefabInternal: {fileID: 100100000}
  m_GameObject: {fileID: 100004}
  m_Material: {fileID: 0}
  m_IsTrigger: 1
  m_Enabled: 1
  serializedVersion: 2
  m_Size: {x: 12.7799997, y: 5.98000002, z: 5.67000008}
  m_Center: {x: 0, y: 0, z: 0}
--- !u!65 &6500006
BoxCollider:
  m_ObjectHideFlags: 1
  m_PrefabParentObject: {fileID: 0}
  m_PrefabInternal: {fileID: 100100000}
  m_GameObject: {fileID: 100006}
  m_Material: {fileID: 0}
  m_IsTrigger: 0
  m_Enabled: 1
  serializedVersion: 2
  m_Size: {x: .699999988, y: 96, z: 7.11999989}
  m_Center: {x: -.409999996, y: 0, z: 0}
--- !u!65 &6500008
BoxCollider:
  m_ObjectHideFlags: 1
  m_PrefabParentObject: {fileID: 0}
  m_PrefabInternal: {fileID: 100100000}
  m_GameObject: {fileID: 100008}
  m_Material: {fileID: 0}
  m_IsTrigger: 0
  m_Enabled: 1
  serializedVersion: 2
  m_Size: {x: .699999988, y: 96, z: 7.19999981}
  m_Center: {x: -2.44000006, y: 0, z: 0}
--- !u!65 &6500012
BoxCollider:
  m_ObjectHideFlags: 1
  m_PrefabParentObject: {fileID: 0}
  m_PrefabInternal: {fileID: 100100000}
  m_GameObject: {fileID: 100012}
  m_Material: {fileID: 0}
  m_IsTrigger: 0
  m_Enabled: 1
  serializedVersion: 2
  m_Size: {x: 24.0100002, y: 96, z: .0500000007}
  m_Center: {x: -2.1099999, y: 0, z: .219999999}
--- !u!65 &6500030
BoxCollider:
  m_ObjectHideFlags: 1
  m_PrefabParentObject: {fileID: 0}
  m_PrefabInternal: {fileID: 100100000}
  m_GameObject: {fileID: 100038}
  m_Material: {fileID: 0}
  m_IsTrigger: 1
  m_Enabled: 1
  serializedVersion: 2
  m_Size: {x: 1.48000002, y: .800000012, z: .860000014}
  m_Center: {x: .0299999993, y: -.00999999978, z: .439999998}
--- !u!65 &6500032
BoxCollider:
  m_ObjectHideFlags: 1
  m_PrefabParentObject: {fileID: 0}
  m_PrefabInternal: {fileID: 100100000}
  m_GameObject: {fileID: 100040}
  m_Material: {fileID: 0}
  m_IsTrigger: 1
  m_Enabled: 1
  serializedVersion: 2
  m_Size: {x: 1.48000002, y: .800000012, z: .860000014}
  m_Center: {x: .0299999993, y: -.00999999978, z: .439999998}
--- !u!65 &6500034
BoxCollider:
  m_ObjectHideFlags: 1
  m_PrefabParentObject: {fileID: 0}
  m_PrefabInternal: {fileID: 100100000}
  m_GameObject: {fileID: 100046}
  m_Material: {fileID: 0}
  m_IsTrigger: 1
  m_Enabled: 1
  serializedVersion: 2
  m_Size: {x: 1.48000002, y: .800000012, z: .860000014}
  m_Center: {x: .0299999993, y: -.00999999978, z: .439999998}
--- !u!65 &6500036
BoxCollider:
  m_ObjectHideFlags: 1
  m_PrefabParentObject: {fileID: 0}
  m_PrefabInternal: {fileID: 100100000}
  m_GameObject: {fileID: 100050}
  m_Material: {fileID: 0}
  m_IsTrigger: 1
  m_Enabled: 1
  serializedVersion: 2
  m_Size: {x: 2.38000011, y: .980000019, z: .629999995}
  m_Center: {x: 0, y: .25, z: 0}
--- !u!65 &6500038
BoxCollider:
  m_ObjectHideFlags: 1
  m_PrefabParentObject: {fileID: 0}
  m_PrefabInternal: {fileID: 100100000}
  m_GameObject: {fileID: 100054}
  m_Material: {fileID: 0}
  m_IsTrigger: 1
  m_Enabled: 1
  serializedVersion: 2
  m_Size: {x: 2.38000011, y: .980000019, z: .629999995}
  m_Center: {x: 0, y: .189999998, z: 0}
--- !u!65 &6500040
BoxCollider:
  m_ObjectHideFlags: 1
  m_PrefabParentObject: {fileID: 0}
  m_PrefabInternal: {fileID: 100100000}
  m_GameObject: {fileID: 100056}
  m_Material: {fileID: 0}
  m_IsTrigger: 1
  m_Enabled: 1
  serializedVersion: 2
  m_Size: {x: 12.7799997, y: 5.98000002, z: 5.67000008}
  m_Center: {x: 0, y: 0, z: 0}
--- !u!65 &6500042
BoxCollider:
  m_ObjectHideFlags: 1
  m_PrefabParentObject: {fileID: 0}
  m_PrefabInternal: {fileID: 100100000}
  m_GameObject: {fileID: 100058}
  m_Material: {fileID: 0}
  m_IsTrigger: 1
  m_Enabled: 1
  serializedVersion: 2
  m_Size: {x: 12.7799997, y: 5.98000002, z: 5.67000008}
  m_Center: {x: 0, y: 0, z: 0}
--- !u!65 &6500044
BoxCollider:
  m_ObjectHideFlags: 1
  m_PrefabParentObject: {fileID: 0}
  m_PrefabInternal: {fileID: 100100000}
  m_GameObject: {fileID: 100060}
  m_Material: {fileID: 0}
  m_IsTrigger: 0
  m_Enabled: 1
  serializedVersion: 2
  m_Size: {x: 3.21000004, y: 5.98000002, z: 5.67000008}
  m_Center: {x: 0, y: 0, z: 0}
--- !u!95 &9500020
Animator:
  serializedVersion: 2
  m_ObjectHideFlags: 1
  m_PrefabParentObject: {fileID: 0}
  m_PrefabInternal: {fileID: 100100000}
  m_GameObject: {fileID: 100038}
  m_Enabled: 1
  m_Avatar: {fileID: 9000000, guid: 9b8c56eba639f468da0ed43deb352130, type: 3}
  m_Controller: {fileID: 0}
  m_CullingMode: 0
  m_ApplyRootMotion: 1
  m_AnimatePhysics: 0
  m_HasTransformHierarchy: 1
--- !u!95 &9500022
Animator:
  serializedVersion: 2
  m_ObjectHideFlags: 1
  m_PrefabParentObject: {fileID: 0}
  m_PrefabInternal: {fileID: 100100000}
  m_GameObject: {fileID: 100040}
  m_Enabled: 1
  m_Avatar: {fileID: 9000000, guid: 9b8c56eba639f468da0ed43deb352130, type: 3}
  m_Controller: {fileID: 0}
  m_CullingMode: 0
  m_ApplyRootMotion: 1
  m_AnimatePhysics: 0
  m_HasTransformHierarchy: 1
--- !u!95 &9500024
Animator:
  serializedVersion: 2
  m_ObjectHideFlags: 1
  m_PrefabParentObject: {fileID: 0}
  m_PrefabInternal: {fileID: 100100000}
  m_GameObject: {fileID: 100046}
  m_Enabled: 1
  m_Avatar: {fileID: 9000000, guid: 9b8c56eba639f468da0ed43deb352130, type: 3}
  m_Controller: {fileID: 0}
  m_CullingMode: 0
  m_ApplyRootMotion: 1
  m_AnimatePhysics: 0
  m_HasTransformHierarchy: 1
--- !u!95 &9500026
Animator:
  serializedVersion: 2
  m_ObjectHideFlags: 1
  m_PrefabParentObject: {fileID: 0}
  m_PrefabInternal: {fileID: 100100000}
  m_GameObject: {fileID: 100050}
  m_Enabled: 1
  m_Avatar: {fileID: 9000000, guid: 9b8c56eba639f468da0ed43deb352130, type: 3}
  m_Controller: {fileID: 0}
  m_CullingMode: 0
  m_ApplyRootMotion: 1
  m_AnimatePhysics: 0
  m_HasTransformHierarchy: 1
--- !u!95 &9500028
Animator:
  serializedVersion: 2
  m_ObjectHideFlags: 1
  m_PrefabParentObject: {fileID: 0}
  m_PrefabInternal: {fileID: 100100000}
  m_GameObject: {fileID: 100054}
  m_Enabled: 1
  m_Avatar: {fileID: 9000000, guid: 9b8c56eba639f468da0ed43deb352130, type: 3}
  m_Controller: {fileID: 0}
  m_CullingMode: 0
  m_ApplyRootMotion: 1
  m_AnimatePhysics: 0
  m_HasTransformHierarchy: 1
--- !u!114 &11400000
MonoBehaviour:
  m_ObjectHideFlags: 1
  m_PrefabParentObject: {fileID: 0}
  m_PrefabInternal: {fileID: 100100000}
  m_GameObject: {fileID: 100016}
  m_Enabled: 1
  m_EditorHideFlags: 0
  m_Script: {fileID: 11500000, guid: cf9aebfdc1d07fd4498cd9fb490710ce, type: 3}
  m_Name: 
  m_EditorClassIdentifier: 
  sections: 01000000
  optimizeDeactivation: 0
  overrideSize: {x: 24, y: 0, z: 96}
  sectionTransition: 0
  centerOffset: {x: 0, y: 0, z: 0}
--- !u!114 &11400002
MonoBehaviour:
  m_ObjectHideFlags: 1
  m_PrefabParentObject: {fileID: 0}
  m_PrefabInternal: {fileID: 100100000}
  m_GameObject: {fileID: 100016}
  m_Enabled: 1
  m_EditorHideFlags: 0
  m_Script: {fileID: 11500000, guid: 1049419d8e4c2804288b95f897fd6039, type: 3}
  m_Name: 
  m_EditorClassIdentifier: 
  occurProbabilities:
    values:
    - startDistance: 20
      startValue: 1
      endDistance: 0
      endValue: 1
      useEndDistance: 0
    loop: 0
    loopBackToValue: 0
  noOccurProbabilities:
    values: []
    loop: 0
    loopBackToValue: 0
--- !u!114 &11400004
MonoBehaviour:
  m_ObjectHideFlags: 1
  m_PrefabParentObject: {fileID: 0}
  m_PrefabInternal: {fileID: 100100000}
  m_GameObject: {fileID: 100016}
  m_Enabled: 1
  m_EditorHideFlags: 0
  m_Script: {fileID: 11500000, guid: bcfb3108aff154148896ff5a5819a62a, type: 3}
  m_Name: 
  m_EditorClassIdentifier: 
  avoidObjectRuleMaps: []
  probabilityAdjustmentMaps: []
  linkedPlatforms:
  - platform: {fileID: 11400000, guid: 20b168027569b4defb19c96da43d5963, type: 2}
    canSpawn: 1
--- !u!114 &11400006
MonoBehaviour:
  m_ObjectHideFlags: 1
  m_PrefabParentObject: {fileID: 0}
  m_PrefabInternal: {fileID: 100100000}
  m_GameObject: {fileID: 100004}
  m_Enabled: 1
  m_EditorHideFlags: 0
  m_Script: {fileID: 11500000, guid: b5698d8cecaf4409fa759b6b10863c41, type: 3}
  m_Name: 
  m_EditorClassIdentifier: 
--- !u!114 &11400008
MonoBehaviour:
  m_ObjectHideFlags: 1
  m_PrefabParentObject: {fileID: 0}
  m_PrefabInternal: {fileID: 100100000}
  m_GameObject: {fileID: 100002}
  m_Enabled: 1
  m_EditorHideFlags: 0
  m_Script: {fileID: 11500000, guid: f5a7f7360491c47848c1783d5c287770, type: 3}
  m_Name: 
  m_EditorClassIdentifier: 
--- !u!114 &11400010
MonoBehaviour:
  m_ObjectHideFlags: 1
  m_PrefabParentObject: {fileID: 0}
  m_PrefabInternal: {fileID: 100100000}
  m_GameObject: {fileID: 100016}
  m_Enabled: 1
  m_EditorHideFlags: 0
  m_Script: {fileID: 11500000, guid: 88909ba95ec8344f6a9bb6dd2167c25b, type: 3}
  m_Name: 
  m_EditorClassIdentifier: 
--- !u!114 &11400034
MonoBehaviour:
  m_ObjectHideFlags: 1
  m_PrefabParentObject: {fileID: 0}
  m_PrefabInternal: {fileID: 100100000}
  m_GameObject: {fileID: 100038}
  m_Enabled: 1
  m_EditorHideFlags: 0
  m_Script: {fileID: 11500000, guid: cff1c7cd5695956498fe126b6a3a40a4, type: 3}
  m_Name: 
  m_EditorClassIdentifier: 
  avoidObjectRuleMaps: []
  probabilityAdjustmentMaps: []
  avoidPlatforms: []
--- !u!114 &11400036
MonoBehaviour:
  m_ObjectHideFlags: 1
  m_PrefabParentObject: {fileID: 0}
  m_PrefabInternal: {fileID: 100100000}
  m_GameObject: {fileID: 100038}
  m_Enabled: 1
  m_EditorHideFlags: 0
  m_Script: {fileID: 11500000, guid: 1049419d8e4c2804288b95f897fd6039, type: 3}
  m_Name: 
  m_EditorClassIdentifier: 
  occurProbabilities:
    values: []
    loop: 0
    loopBackToValue: 0
  noOccurProbabilities:
    values: []
    loop: 0
    loopBackToValue: 0
--- !u!114 &11400038
MonoBehaviour:
  m_ObjectHideFlags: 1
  m_PrefabParentObject: {fileID: 0}
  m_PrefabInternal: {fileID: 100100000}
  m_GameObject: {fileID: 100038}
  m_Enabled: 1
  m_EditorHideFlags: 0
  m_Script: {fileID: 11500000, guid: a87b4c60a75d0b64ca489ca469e91941, type: 3}
  m_Name: 
  m_EditorClassIdentifier: 
  sections: 
  optimizeDeactivation: 0
  canSpawnInLeftSlot: 0
  canSpawnInCenterSlot: 0
  canSpawnInRightSlot: 0
  canSpawnInAir: 0
  isJump: 1
  canRunOnTop: 0
  isDestructible: 0
  destructionParticles: {fileID: 0}
  destructionAnimation: {fileID: 0}
  destructionAnimationName: Destruction
--- !u!114 &11400040
MonoBehaviour:
  m_ObjectHideFlags: 1
  m_PrefabParentObject: {fileID: 0}
  m_PrefabInternal: {fileID: 100100000}
  m_GameObject: {fileID: 100040}
  m_Enabled: 1
  m_EditorHideFlags: 0
  m_Script: {fileID: 11500000, guid: a87b4c60a75d0b64ca489ca469e91941, type: 3}
  m_Name: 
  m_EditorClassIdentifier: 
  sections: 
  optimizeDeactivation: 0
  canSpawnInLeftSlot: 0
  canSpawnInCenterSlot: 0
  canSpawnInRightSlot: 0
  canSpawnInAir: 0
  isJump: 1
  canRunOnTop: 0
  isDestructible: 0
  destructionParticles: {fileID: 0}
  destructionAnimation: {fileID: 0}
  destructionAnimationName: Destruction
--- !u!114 &11400042
MonoBehaviour:
  m_ObjectHideFlags: 1
  m_PrefabParentObject: {fileID: 0}
  m_PrefabInternal: {fileID: 100100000}
  m_GameObject: {fileID: 100040}
  m_Enabled: 1
  m_EditorHideFlags: 0
  m_Script: {fileID: 11500000, guid: 1049419d8e4c2804288b95f897fd6039, type: 3}
  m_Name: 
  m_EditorClassIdentifier: 
  occurProbabilities:
    values: []
    loop: 0
    loopBackToValue: 0
  noOccurProbabilities:
    values: []
    loop: 0
    loopBackToValue: 0
--- !u!114 &11400044
MonoBehaviour:
  m_ObjectHideFlags: 1
  m_PrefabParentObject: {fileID: 0}
  m_PrefabInternal: {fileID: 100100000}
  m_GameObject: {fileID: 100040}
  m_Enabled: 1
  m_EditorHideFlags: 0
  m_Script: {fileID: 11500000, guid: cff1c7cd5695956498fe126b6a3a40a4, type: 3}
  m_Name: 
  m_EditorClassIdentifier: 
  avoidObjectRuleMaps: []
  probabilityAdjustmentMaps: []
  avoidPlatforms: []
--- !u!114 &11400046
MonoBehaviour:
  m_ObjectHideFlags: 1
  m_PrefabParentObject: {fileID: 0}
  m_PrefabInternal: {fileID: 100100000}
  m_GameObject: {fileID: 100046}
  m_Enabled: 1
  m_EditorHideFlags: 0
  m_Script: {fileID: 11500000, guid: cff1c7cd5695956498fe126b6a3a40a4, type: 3}
  m_Name: 
  m_EditorClassIdentifier: 
  avoidObjectRuleMaps: []
  probabilityAdjustmentMaps: []
  avoidPlatforms: []
--- !u!114 &11400048
MonoBehaviour:
  m_ObjectHideFlags: 1
  m_PrefabParentObject: {fileID: 0}
  m_PrefabInternal: {fileID: 100100000}
  m_GameObject: {fileID: 100046}
  m_Enabled: 1
  m_EditorHideFlags: 0
  m_Script: {fileID: 11500000, guid: 1049419d8e4c2804288b95f897fd6039, type: 3}
  m_Name: 
  m_EditorClassIdentifier: 
  occurProbabilities:
    values: []
    loop: 0
    loopBackToValue: 0
  noOccurProbabilities:
    values: []
    loop: 0
    loopBackToValue: 0
--- !u!114 &11400050
MonoBehaviour:
  m_ObjectHideFlags: 1
  m_PrefabParentObject: {fileID: 0}
  m_PrefabInternal: {fileID: 100100000}
  m_GameObject: {fileID: 100046}
  m_Enabled: 1
  m_EditorHideFlags: 0
  m_Script: {fileID: 11500000, guid: a87b4c60a75d0b64ca489ca469e91941, type: 3}
  m_Name: 
  m_EditorClassIdentifier: 
  sections: 
  optimizeDeactivation: 0
  canSpawnInLeftSlot: 0
  canSpawnInCenterSlot: 0
  canSpawnInRightSlot: 0
  canSpawnInAir: 0
  isJump: 1
  canRunOnTop: 0
  isDestructible: 0
  destructionParticles: {fileID: 0}
  destructionAnimation: {fileID: 0}
  destructionAnimationName: Destruction
--- !u!114 &11400052
MonoBehaviour:
  m_ObjectHideFlags: 1
  m_PrefabParentObject: {fileID: 0}
  m_PrefabInternal: {fileID: 100100000}
  m_GameObject: {fileID: 100050}
  m_Enabled: 1
  m_EditorHideFlags: 0
  m_Script: {fileID: 11500000, guid: cff1c7cd5695956498fe126b6a3a40a4, type: 3}
  m_Name: 
  m_EditorClassIdentifier: 
  avoidObjectRuleMaps: []
  probabilityAdjustmentMaps: []
  avoidPlatforms: []
--- !u!114 &11400054
MonoBehaviour:
  m_ObjectHideFlags: 1
  m_PrefabParentObject: {fileID: 0}
  m_PrefabInternal: {fileID: 100100000}
  m_GameObject: {fileID: 100050}
  m_Enabled: 1
  m_EditorHideFlags: 0
  m_Script: {fileID: 11500000, guid: 1049419d8e4c2804288b95f897fd6039, type: 3}
  m_Name: 
  m_EditorClassIdentifier: 
  occurProbabilities:
    values: []
    loop: 0
    loopBackToValue: 0
  noOccurProbabilities:
    values: []
    loop: 0
    loopBackToValue: 0
--- !u!114 &11400056
MonoBehaviour:
  m_ObjectHideFlags: 1
  m_PrefabParentObject: {fileID: 0}
  m_PrefabInternal: {fileID: 100100000}
  m_GameObject: {fileID: 100050}
  m_Enabled: 1
  m_EditorHideFlags: 0
  m_Script: {fileID: 11500000, guid: a87b4c60a75d0b64ca489ca469e91941, type: 3}
  m_Name: 
  m_EditorClassIdentifier: 
  sections: 
  optimizeDeactivation: 0
  canSpawnInLeftSlot: 0
  canSpawnInCenterSlot: 0
  canSpawnInRightSlot: 0
  canSpawnInAir: 0
  isJump: 1
  canRunOnTop: 0
  isDestructible: 0
  destructionParticles: {fileID: 0}
  destructionAnimation: {fileID: 0}
  destructionAnimationName: Destruction
--- !u!114 &11400058
MonoBehaviour:
  m_ObjectHideFlags: 1
  m_PrefabParentObject: {fileID: 0}
  m_PrefabInternal: {fileID: 100100000}
  m_GameObject: {fileID: 100054}
  m_Enabled: 1
  m_EditorHideFlags: 0
  m_Script: {fileID: 11500000, guid: cff1c7cd5695956498fe126b6a3a40a4, type: 3}
  m_Name: 
  m_EditorClassIdentifier: 
  avoidObjectRuleMaps: []
  probabilityAdjustmentMaps: []
  avoidPlatforms: []
--- !u!114 &11400060
MonoBehaviour:
  m_ObjectHideFlags: 1
  m_PrefabParentObject: {fileID: 0}
  m_PrefabInternal: {fileID: 100100000}
  m_GameObject: {fileID: 100054}
  m_Enabled: 1
  m_EditorHideFlags: 0
  m_Script: {fileID: 11500000, guid: 1049419d8e4c2804288b95f897fd6039, type: 3}
  m_Name: 
  m_EditorClassIdentifier: 
  occurProbabilities:
    values: []
    loop: 0
    loopBackToValue: 0
  noOccurProbabilities:
    values: []
    loop: 0
    loopBackToValue: 0
--- !u!114 &11400062
MonoBehaviour:
  m_ObjectHideFlags: 1
  m_PrefabParentObject: {fileID: 0}
  m_PrefabInternal: {fileID: 100100000}
  m_GameObject: {fileID: 100054}
  m_Enabled: 1
  m_EditorHideFlags: 0
  m_Script: {fileID: 11500000, guid: a87b4c60a75d0b64ca489ca469e91941, type: 3}
  m_Name: 
  m_EditorClassIdentifier: 
  sections: 
  optimizeDeactivation: 0
  canSpawnInLeftSlot: 0
  canSpawnInCenterSlot: 0
  canSpawnInRightSlot: 0
  canSpawnInAir: 0
  isJump: 1
  canRunOnTop: 0
  isDestructible: 0
  destructionParticles: {fileID: 0}
  destructionAnimation: {fileID: 0}
  destructionAnimationName: Destruction
--- !u!114 &11400064
MonoBehaviour:
  m_ObjectHideFlags: 1
  m_PrefabParentObject: {fileID: 0}
  m_PrefabInternal: {fileID: 100100000}
  m_GameObject: {fileID: 100056}
  m_Enabled: 1
  m_EditorHideFlags: 0
  m_Script: {fileID: 11500000, guid: b5698d8cecaf4409fa759b6b10863c41, type: 3}
  m_Name: 
  m_EditorClassIdentifier: 
--- !u!114 &11400066
MonoBehaviour:
  m_ObjectHideFlags: 1
  m_PrefabParentObject: {fileID: 0}
  m_PrefabInternal: {fileID: 100100000}
  m_GameObject: {fileID: 100058}
  m_Enabled: 1
  m_EditorHideFlags: 0
  m_Script: {fileID: 11500000, guid: f5a7f7360491c47848c1783d5c287770, type: 3}
  m_Name: 
  m_EditorClassIdentifier: 
--- !u!1001 &100100000
Prefab:
  m_ObjectHideFlags: 1
  serializedVersion: 2
  m_Modification:
    m_TransformParent: {fileID: 0}
    m_Modifications: []
    m_RemovedComponents: []
  m_ParentPrefab: {fileID: 0}
  m_RootGameObject: {fileID: 100016}
  m_IsPrefabParent: 1
  m_IsExploded: 1
