%YAML 1.1
%TAG !u! tag:unity3d.com,2011:
--- !u!1 &100000
GameObject:
  m_ObjectHideFlags: 0
  m_PrefabParentObject: {fileID: 0}
  m_PrefabInternal: {fileID: 100100000}
  serializedVersion: 4
  m_Component:
  - 4: {fileID: 400000}
  m_Layer: 0
  m_Name: Platforms
  m_TagString: Untagged
  m_Icon: {fileID: 0}
  m_NavMeshLayer: 0
  m_StaticEditorFlags: 0
  m_IsActive: 1
--- !u!1 &100002
GameObject:
  m_ObjectHideFlags: 0
  m_PrefabParentObject: {fileID: 0}
  m_PrefabInternal: {fileID: 100100000}
  serializedVersion: 4
  m_Component:
  - 4: {fileID: 400002}
  m_Layer: 0
  m_Name: Coins
  m_TagString: Untagged
  m_Icon: {fileID: 0}
  m_NavMeshLayer: 0
  m_StaticEditorFlags: 0
  m_IsActive: 1
--- !u!1 &100004
GameObject:
  m_ObjectHideFlags: 0
  m_PrefabParentObject: {fileID: 0}
  m_PrefabInternal: {fileID: 100100000}
  serializedVersion: 4
  m_Component:
  - 4: {fileID: 400004}
  m_Layer: 0
  m_Name: Scene
  m_TagString: Untagged
  m_Icon: {fileID: 0}
  m_NavMeshLayer: 0
  m_StaticEditorFlags: 0
  m_IsActive: 1
--- !u!1 &100006
GameObject:
  m_ObjectHideFlags: 0
  m_PrefabParentObject: {fileID: 0}
  m_PrefabInternal: {fileID: 100100000}
  serializedVersion: 4
  m_Component:
  - 4: {fileID: 400006}
  m_Layer: 0
  m_Name: Obstacles
  m_TagString: Untagged
  m_Icon: {fileID: 0}
  m_NavMeshLayer: 0
  m_StaticEditorFlags: 0
  m_IsActive: 1
--- !u!1 &100008
GameObject:
  m_ObjectHideFlags: 0
  m_PrefabParentObject: {fileID: 0}
  m_PrefabInternal: {fileID: 100100000}
  serializedVersion: 4
  m_Component:
  - 4: {fileID: 400008}
  m_Layer: 0
  m_Name: Power Ups
  m_TagString: Untagged
  m_Icon: {fileID: 0}
  m_NavMeshLayer: 0
  m_StaticEditorFlags: 0
  m_IsActive: 1
--- !u!1 &100010
GameObject:
  m_ObjectHideFlags: 0
  m_PrefabParentObject: {fileID: 0}
  m_PrefabInternal: {fileID: 100100000}
  serializedVersion: 4
  m_Component:
  - 4: {fileID: 400010}
  - 114: {fileID: 11400006}
  - 114: {fileID: 11400004}
  - 114: {fileID: 11400002}
  - 114: {fileID: 11400000}
  m_Layer: 0
  m_Name: Infinite Objects
  m_TagString: Untagged
  m_Icon: {fileID: 0}
  m_NavMeshLayer: 0
  m_StaticEditorFlags: 0
  m_IsActive: 1
--- !u!4 &400000
Transform:
  m_ObjectHideFlags: 1
  m_PrefabParentObject: {fileID: 0}
  m_PrefabInternal: {fileID: 100100000}
  m_GameObject: {fileID: 100000}
  m_LocalRotation: {x: 0, y: 0, z: 0, w: 1}
  m_LocalPosition: {x: 0, y: 0, z: 0}
  m_LocalScale: {x: 1, y: 1, z: 1}
  m_Children: []
  m_Father: {fileID: 400010}
--- !u!4 &400002
Transform:
  m_ObjectHideFlags: 1
  m_PrefabParentObject: {fileID: 0}
  m_PrefabInternal: {fileID: 100100000}
  m_GameObject: {fileID: 100002}
  m_LocalRotation: {x: 0, y: 0, z: 0, w: 1}
  m_LocalPosition: {x: 0, y: 0, z: 0}
  m_LocalScale: {x: 1, y: 1, z: 1}
  m_Children: []
  m_Father: {fileID: 400010}
--- !u!4 &400004
Transform:
  m_ObjectHideFlags: 1
  m_PrefabParentObject: {fileID: 0}
  m_PrefabInternal: {fileID: 100100000}
  m_GameObject: {fileID: 100004}
  m_LocalRotation: {x: 0, y: 0, z: 0, w: 1}
  m_LocalPosition: {x: 0, y: 0, z: 0}
  m_LocalScale: {x: 1, y: 1, z: 1}
  m_Children: []
  m_Father: {fileID: 400010}
--- !u!4 &400006
Transform:
  m_ObjectHideFlags: 1
  m_PrefabParentObject: {fileID: 0}
  m_PrefabInternal: {fileID: 100100000}
  m_GameObject: {fileID: 100006}
  m_LocalRotation: {x: 0, y: 0, z: 0, w: 1}
  m_LocalPosition: {x: 0, y: 0, z: 0}
  m_LocalScale: {x: 1, y: 1, z: 1}
  m_Children: []
  m_Father: {fileID: 400010}
--- !u!4 &400008
Transform:
  m_ObjectHideFlags: 1
  m_PrefabParentObject: {fileID: 0}
  m_PrefabInternal: {fileID: 100100000}
  m_GameObject: {fileID: 100008}
  m_LocalRotation: {x: 0, y: 0, z: 0, w: 1}
  m_LocalPosition: {x: 0, y: 0, z: 0}
  m_LocalScale: {x: 1, y: 1, z: 1}
  m_Children: []
  m_Father: {fileID: 400010}
--- !u!4 &400010
Transform:
  m_ObjectHideFlags: 1
  m_PrefabParentObject: {fileID: 0}
  m_PrefabInternal: {fileID: 100100000}
  m_GameObject: {fileID: 100010}
  m_LocalRotation: {x: 0, y: 0, z: 0, w: 1}
  m_LocalPosition: {x: 0, y: 0, z: 0}
  m_LocalScale: {x: 1, y: 1, z: 1}
  m_Children:
  - {fileID: 400002}
  - {fileID: 400006}
  - {fileID: 400004}
  - {fileID: 400008}
  - {fileID: 400000}
  m_Father: {fileID: 0}
--- !u!114 &11400000
MonoBehaviour:
  m_ObjectHideFlags: 1
  m_PrefabParentObject: {fileID: 0}
  m_PrefabInternal: {fileID: 100100000}
  m_GameObject: {fileID: 100010}
  m_Enabled: 1
  m_EditorHideFlags: 0
  m_Script: {fileID: 11500000, guid: 7eb9eba628972854dbf7075f16df5acf, type: 3}
  m_Name: 
  m_EditorClassIdentifier: 
  sectionSelectionType: 2
  useSectionTransitions: 0
  startSection: 0
  endSection: 0
  sectionList:
    values:
    - startDistance: 0
      startValue: 0
      endDistance: 700
      endValue: 0
      useEndDistance: 1
    - startDistance: 700
      startValue: 201
      endDistance: 796
      endValue: 201
      useEndDistance: 1
    - startDistance: 796
      startValue: 202
      endDistance: 892
      endValue: 202
      useEndDistance: 1
    - startDistance: 892
      startValue: 203
      endDistance: 988
      endValue: 203
      useEndDistance: 1
    - startDistance: 988
      startValue: 2
      endDistance: 1688
      endValue: 2
      useEndDistance: 1
    - startDistance: 1688
      startValue: 251
      endDistance: 1784
      endValue: 251
      useEndDistance: 1
    - startDistance: 1784
      startValue: 252
      endDistance: 1976
      endValue: 252
      useEndDistance: 1
    - startDistance: 1976
      startValue: 253
      endDistance: 2072
      endValue: 253
      useEndDistance: 1
    - startDistance: 2072
      startValue: 5
      endDistance: 2772
      endValue: 5
      useEndDistance: 1
    - startDistance: 2772
      startValue: 54
      endDistance: 2868
      endValue: 54
      useEndDistance: 1
    - startDistance: 2868
      startValue: 6
      endDistance: 2964
      endValue: 6
      useEndDistance: 1
    - startDistance: 2964
      startValue: 4
      endDistance: 3376
      endValue: 4
      useEndDistance: 1
    - startDistance: 3376
      startValue: 9
      endDistance: 3472
      endValue: 9
      useEndDistance: 1
    - startDistance: 3472
      startValue: 7
      endDistance: 3568
      endValue: 7
      useEndDistance: 1
    - startDistance: 3568
      startValue: 8
      endDistance: 3664
      endValue: 8
      useEndDistance: 1
    - startDistance: 3664
      startValue: 25
      endDistance: 3760
      endValue: 25
      useEndDistance: 1
    loop: 1
    loopBackToValue: 0
--- !u!114 &11400002
MonoBehaviour:
  m_ObjectHideFlags: 1
  m_PrefabParentObject: {fileID: 0}
  m_PrefabInternal: {fileID: 100100000}
  m_GameObject: {fileID: 100010}
  m_Enabled: 1
  m_EditorHideFlags: 0
  m_Script: {fileID: 11500000, guid: 97466de877ac1f948ab0a6ca2ee2a1e7, type: 3}
  m_Name: 
  m_EditorClassIdentifier: 
--- !u!114 &11400004
MonoBehaviour:
  m_ObjectHideFlags: 1
  m_PrefabParentObject: {fileID: 0}
  m_PrefabInternal: {fileID: 100100000}
  m_GameObject: {fileID: 100010}
  m_Enabled: 1
  m_EditorHideFlags: 0
  m_Script: {fileID: 11500000, guid: b76e2522cf5a4de49a02e9fe0275f21b, type: 3}
  m_Name: 
  m_EditorClassIdentifier: 
  platforms:
  - {fileID: 11400002, guid: 1c8d41611295a44beaea8fa3fe878e29, type: 2}
  - {fileID: 11400006, guid: 73e0b335aaad4462893920a93694b2a6, type: 2}
  - {fileID: 11400000, guid: 5e24f0f411e934c43982f0b4d16bb3e2, type: 2}
  - {fileID: 11400002, guid: fad4b538e3df94e90ac1eacc22e98c9d, type: 2}
  - {fileID: 11400000, guid: 8640e801e6ad049e9b3b291a524352ac, type: 2}
  - {fileID: 11400000, guid: 2120e6f2240e241b1a07b70649f54407, type: 2}
  - {fileID: 11400000, guid: 20b168027569b4defb19c96da43d5963, type: 2}
  - {fileID: 11400006, guid: a3afdd15141144a7287919de3093d6f8, type: 2}
  - {fileID: 11400006, guid: 4e607ac71e0574c4b8b37e4cfee2e259, type: 2}
  - {fileID: 11400006, guid: 7449999d1e10448b2b030c7ed69b4717, type: 2}
  - {fileID: 11400000, guid: bfd1ff2fb63894314a3d5cfff2047ebb, type: 2}
  - {fileID: 11400000, guid: 0c6bd41cafcc1430f87d7d2eb2448e45, type: 2}
  - {fileID: 11400000, guid: 2765222c8d99c4859bdf51d27b4ab495, type: 2}
  - {fileID: 11400000, guid: 529f9fe2ea6c74c588c4945c3119b015, type: 2}
  - {fileID: 11400000, guid: 0a0d4239953e84f88a4b2f5915ff8dff, type: 2}
  - {fileID: 11400002, guid: 78b781346103c4e2ba9fab34984860a7, type: 2}
  - {fileID: 11400000, guid: 3f335d69fd795496ab61c1d7123ae7d0, type: 2}
  - {fileID: 11400000, guid: e1a9283ef51054c06b0d560fd27671c9, type: 2}
  - {fileID: 11400006, guid: 43492e4a598084429a07eb6f06e7959a, type: 2}
  - {fileID: 11400002, guid: 6d0b00fff29334b37b6c7a2ab4f84599, type: 2}
  - {fileID: 11400002, guid: 5ba6fd6f7791d4bdba1c2ef20600b5bd, type: 2}
  - {fileID: 11400002, guid: 71456819919f845fb9c55910ed718408, type: 2}
  - {fileID: 11400006, guid: e04f37947abf544a7bdb0d03ca1d2865, type: 2}
  - {fileID: 11400002, guid: 9add4eaae2e2a4aceb7c8e30fb83073d, type: 2}
  - {fileID: 11400002, guid: dddf32c6eb6b449a18cd867561347544, type: 2}
  - {fileID: 11400006, guid: 4c2d682252a6c4efaba048aed18837e6, type: 2}
  - {fileID: 11400006, guid: 1bda744a5853947abaa72a183a09ca90, type: 2}
  - {fileID: 11400000, guid: e3e1ded30f36544d2827936b7a6bc895, type: 2}
  - {fileID: 11400000, guid: fd527d30a98ed47549b0777cf56cae2f, type: 2}
  - {fileID: 11400006, guid: d4a796f2b5d884049936cab3b3c5591c, type: 2}
  - {fileID: 11400006, guid: aac05a130153546e0961db74170e7a38, type: 2}
  - {fileID: 11400006, guid: 1f544077e16904751b6fe5e397a26cfe, type: 2}
  - {fileID: 11400004, guid: 0a54da88a37e24c6fbf18144d2b94dc2, type: 2}
  - {fileID: 11400000, guid: bea679bb5b9394279bc266eb343f0df0, type: 2}
  - {fileID: 11400000, guid: a5d8bedc93f154ebeb80b62ce0cfd7f0, type: 2}
  - {fileID: 11400006, guid: f771ed6066fa54cf3ae4c2fdbf1739df, type: 2}
  - {fileID: 11400004, guid: 33ddc81bfc02849e8bedb9e477af0a8d, type: 2}
  - {fileID: 11400002, guid: fb5d9f5b704e9460b9971e7d0ab90eec, type: 2}
  - {fileID: 11400004, guid: 4f925a94a02b6478cbb566d158b654fb, type: 2}
  - {fileID: 11400006, guid: 601e5650209fc494e977f711b46c2987, type: 2}
  - {fileID: 11400006, guid: 60851ffa5acf746b49d7fd516a83e3c3, type: 2}
  - {fileID: 11400006, guid: 624af3afceafe4a8b88edb8c1d64113e, type: 2}
  - {fileID: 11400006, guid: ed9ffcbed2c614c748819daf94b5877b, type: 2}
  - {fileID: 11400006, guid: 38f1e07b6181c4d0282cb259847300d5, type: 2}
  - {fileID: 11400006, guid: 830c5b677a57249d586d487389e4d179, type: 2}
  - {fileID: 11400000, guid: 069ff22fa27eb4cf4a2adad658d1f9a0, type: 2}
  - {fileID: 11400006, guid: 5c9ff2daf0a3d4927b8d8d8b52d59ab1, type: 2}
  - {fileID: 11400006, guid: 4b12f8e8adc674b5fb33b1ed7deaa132, type: 2}
  - {fileID: 11400006, guid: 52454340cd56a4a598b812a7171300d1, type: 2}
  - {fileID: 11400006, guid: 823cac55cecc2421abc8d81b6f278be8, type: 2}
  - {fileID: 11400006, guid: 2c021b5f521404c6ebcdfc3381861915, type: 2}
  - {fileID: 11400006, guid: 002909e27916f42b09785641b85be833, type: 2}
  platformParent: {fileID: 400000}
  scenes:
  - {fileID: 11400000, guid: 185eecaf4fc904f26b9a7a701a45e0c2, type: 2}
  - {fileID: 11400004, guid: 155765ab374c74717827bebf5ba3abfd, type: 2}
  - {fileID: 11400002, guid: 6984307c2162a41e0b3e39691e758da9, type: 2}
  - {fileID: 11400000, guid: 4bd295f5b34064bf0bf0146fc9dcce7d, type: 2}
  - {fileID: 11400066, guid: ffdbd8871ae5a4f899aca660fd789055, type: 2}
  - {fileID: 11400000, guid: ae9ec57f29e5a448283af7533cf287b1, type: 2}
  - {fileID: 11400050, guid: ab39b34cb610e4bcbbb4464137373171, type: 2}
  - {fileID: 11400072, guid: 55adabf78bdd44f7fa3bd412f1323bcd, type: 2}
  - {fileID: 11400054, guid: 81baae060322a44ba925f305ffba2d72, type: 2}
  - {fileID: 11400074, guid: 155ab31703d964356b340c14161d740c, type: 2}
  - {fileID: 11400000, guid: cb0e83427320249af8c9bd48c2bb3da9, type: 2}
  - {fileID: 11400004, guid: fffc2b401db064f7d930b4347a08826a, type: 2}
  - {fileID: 11400112, guid: ead0eabb3431c4d7b86c35f2599cc6a1, type: 2}
  - {fileID: 11400000, guid: 03fb18a76689b47d9a24a44c54eca714, type: 2}
  - {fileID: 11400000, guid: e4e81d9c41e0b401fa89e1fe97e6560c, type: 2}
  - {fileID: 11400004, guid: 44c447b950d5946548067436aafd6a1b, type: 2}
  - {fileID: 11400004, guid: abe944419ceed4b17bfbcd38e83f2c51, type: 2}
  - {fileID: 11400092, guid: d2a8546cbdc1e41abb13839226bf66c6, type: 2}
  - {fileID: 11400098, guid: 12d4e11b61d524e849dafde38bc6938c, type: 2}
  - {fileID: 11400000, guid: f6302de4e172c4d05ba4bbc2514866b0, type: 2}
  - {fileID: 11400000, guid: 3aa6d3f65961b409987941ec1ca4dba0, type: 2}
  - {fileID: 11400000, guid: c3b56c185c2bd45f2baac1ef0a3e32f1, type: 2}
  - {fileID: 11400004, guid: 159f9c4ae345f44fca2497505a12154e, type: 2}
  - {fileID: 11400000, guid: 96a3e94eee1c7475aa86cbac1b3c85b0, type: 2}
  - {fileID: 11400000, guid: 78b578326887e46fdbe117071b52dbfe, type: 2}
  - {fileID: 11400018, guid: 2a6d51a3fb2844f2b88eda328fcc84b8, type: 2}
  - {fileID: 11400058, guid: 7e31484178b354917a727a36534dec35, type: 2}
  - {fileID: 11400066, guid: ff4d89648cdb94d908d78177418b80e3, type: 2}
  - {fileID: 11400084, guid: bb3c45c2ff1594ecd9c8b69232c5391e, type: 2}
  - {fileID: 11400106, guid: b8516e47bdc24444c8a3ad8ff0bb1435, type: 2}
  - {fileID: 11400066, guid: e672e77fa5ce844f888190649c611964, type: 2}
  - {fileID: 11400100, guid: 20f41d365989f4cd8bf24f2e5e6de9b1, type: 2}
  - {fileID: 11400110, guid: 945dae67f84d6495a9ed709f77b5d1f5, type: 2}
  - {fileID: 11400036, guid: 6c2eb53ee40f84a60950db5ad0790862, type: 2}
  - {fileID: 11400128, guid: b6d07de3006bc4eaba6b26887d9351d3, type: 2}
  - {fileID: 11400000, guid: 6dc00ab014d7e4637a846af5ae67205f, type: 2}
  - {fileID: 11400004, guid: 6fa4eccf772da4c609991aae146a58ac, type: 2}
  - {fileID: 11400002, guid: 34720a50442f44f1a8334c7b259bd30c, type: 2}
  - {fileID: 11400004, guid: 7fbaf7ee094934912af271a947c40b42, type: 2}
  - {fileID: 11400010, guid: 9ef39da0fc03c4c7090f129de53588f9, type: 2}
  - {fileID: 11400070, guid: 805da382d2bbc4c4788e148de383d196, type: 2}
  - {fileID: 11400030, guid: 49c525d212e0b47ddb379da429471ff6, type: 2}
  - {fileID: 11400002, guid: ae32a3527a84345cbb2d58a6154069f7, type: 2}
  - {fileID: 11400076, guid: 375ab580307e6475abab86a79d8b1bac, type: 2}
  - {fileID: 11400076, guid: fe001f983f3f140e1a5913fdfd23ef91, type: 2}
  - {fileID: 11400000, guid: 37507ce122d184c22b4724c1bceeda6a, type: 2}
  - {fileID: 11400068, guid: 535c3d1474b6b47c29f2c673663d836d, type: 2}
  - {fileID: 11400014, guid: 45ae58334febf4e87a27c9442924ec59, type: 2}
  - {fileID: 11400072, guid: 68f095b45cc2c4263bbb251736266b10, type: 2}
  - {fileID: 11400078, guid: c996528de329f4c12b4b3f0bdb4298fc, type: 2}
  - {fileID: 11400074, guid: a049f3a09f8fc4e04a8ce0ff4cdf9b78, type: 2}
  - {fileID: 11400048, guid: a3a67673e73de46d499061d2c2792d84, type: 2}
  sceneParent: {fileID: 400004}
  obstacles: []
  obstacleParent: {fileID: 400006}
  coins:
  - {fileID: 11400014, guid: 504549e57e8aa4c73974e23e1e927008, type: 2}
  - {fileID: 11400004, guid: 77e2004a9124a463eb6d695b48eed414, type: 2}
  - {fileID: 11400002, guid: b7918313e9d62404799220f7b5e6f39e, type: 2}
  - {fileID: 11400046, guid: 407f31c94c44a408797811050480f74b, type: 2}
  - {fileID: 11400036, guid: 1c1146faeb3b14cca8d2c063927985dd, type: 2}
  - {fileID: 11400022, guid: aa0cf7e9cdcb743aaa58a16aaa7f8a11, type: 2}
  - {fileID: 11400034, guid: 5b808fc8de3b84d5c961dde1d368e93f, type: 2}
  - {fileID: 11400026, guid: 6ca53fd8d23bd4f00b370b6dc9f26df0, type: 2}
  - {fileID: 11400048, guid: bbe15a5229def4d43991e6361e2cde3c, type: 2}
  - {fileID: 11400044, guid: c6b4fbf32b96c46978bfeff2b5ea9412, type: 2}
  - {fileID: 11400040, guid: fd903f5df20a14a2eba38e2fd0b180ea, type: 2}
  - {fileID: 11400034, guid: 6beb4e477f0b34666b0ba4766f4defa6, type: 2}
  - {fileID: 11400026, guid: 3f7c2fc9a8cec42398b86f166e380dc7, type: 2}
  - {fileID: 11400004, guid: d6c39bc7f8fbe408c8b7089b97459a1f, type: 2}
  - {fileID: 11400034, guid: e9e1935a87e214ae5a08169923d50eb2, type: 2}
  - {fileID: 11400018, guid: add0bcf55371c4f76ae1f307a06da293, type: 2}
  - {fileID: 11400024, guid: db213ed18bb0f440b983a26bbb2b00d7, type: 2}
  - {fileID: 11400092, guid: 1790d6aa86f5d443891f48feadf16acb, type: 2}
  - {fileID: 11400036, guid: 759ddde9cb17648da87d5b4889115d91, type: 2}
  - {fileID: 11400034, guid: 371f404b06e4f414889fd057476eb69e, type: 2}
  - {fileID: 11400034, guid: 771eb5b545929404c9a3be40a7597060, type: 2}
  - {fileID: 11400036, guid: 674b8950979aa4baa8f37a6d2c45cff9, type: 2}
  - {fileID: 11400034, guid: c00bf335706734fadb9e69dc0daf28e9, type: 2}
  - {fileID: 11400034, guid: 1def5f7848cd549629d96668a7492a83, type: 2}
  - {fileID: 11400034, guid: 605ba078171994cf8b40c29bf5b2db22, type: 2}
  - {fileID: 11400014, guid: 96d22c1d5f805440eb76a68faa6faa46, type: 2}
  - {fileID: 11400014, guid: fd36a5faf9a5544e6bfd500af0ccc981, type: 2}
  - {fileID: 11400034, guid: 150328b5202054245b33670df55a53ab, type: 2}
  - {fileID: 11400024, guid: 6783495cbfbc64591844b7dd6b55ed54, type: 2}
  - {fileID: 11400024, guid: 3084d8850cf3140f1accd4316a081b8b, type: 2}
  - {fileID: 11400014, guid: 34a1dfc8e06f74384b685619d78c86ff, type: 2}
  - {fileID: 11400014, guid: 834ccb981fc27412fa7e09186d7d187b, type: 2}
  - {fileID: 11400014, guid: 2f72b007f40994d85a247fdf8be02935, type: 2}
  - {fileID: 11400044, guid: 2580b88ec08cc46dc96f4aea1358a254, type: 2}
  - {fileID: 11400034, guid: 27d0b1572baef4eccbe7117db17ba749, type: 2}
  - {fileID: 11400036, guid: 5291a3a57d0724bf499820fff4b60a0a, type: 2}
  - {fileID: 11400034, guid: 0ec2e57172b9f49db9dce746952caabf, type: 2}
  - {fileID: 11400024, guid: 19205012273e047268fc30a7b4998572, type: 2}
  coinParent: {fileID: 400002}
  powerUps:
  - {fileID: 11400000, guid: 0a5f54fcf65014bdc8b6512b34d640ac, type: 2}
  - {fileID: 11400000, guid: 14ee62931cc48422b880f27ae0dfbedc, type: 2}
  - {fileID: 11400000, guid: 5482ffc3f199a4b3a8ed1a888ff2cfc6, type: 2}
  - {fileID: 11400000, guid: b738f654e99ec4af696e46243cb372de, type: 2}
  - {fileID: 11400000, guid: d5e12227d70cb4406866b9dee4cf9070, type: 2}
  powerUpParent: {fileID: 400008}
  tutorialObjects: {fileID: 11400000, guid: 678d55a90bbbb4a3db3a8299b27b7b37, type: 2}
  startupObjects: {fileID: 0}
--- !u!114 &11400006
MonoBehaviour:
  m_ObjectHideFlags: 1
  m_PrefabParentObject: {fileID: 0}
  m_PrefabInternal: {fileID: 100100000}
  m_GameObject: {fileID: 100010}
  m_Enabled: 1
  m_EditorHideFlags: 0
  m_Script: {fileID: 11500000, guid: 183e708ee739ac94dace5a5c7be64a71, type: 3}
  m_Name: 
  m_EditorClassIdentifier: 
  sqrHorizon: 20000
  removeHorizon: -96
  slotDistance: 3
  spawnFullLength: 0
  noCollidableProbability:
    values: []
    loop: 0
    loopBackToValue: 0
--- !u!1001 &100100000
Prefab:
  m_ObjectHideFlags: 1
  serializedVersion: 2
  m_Modification:
    m_TransformParent: {fileID: 0}
    m_Modifications: []
    m_RemovedComponents: []
  m_ParentPrefab: {fileID: 0}
  m_RootGameObject: {fileID: 100010}
  m_IsPrefabParent: 1
  m_IsExploded: 1
